<?xml version="1.0" encoding="UTF-8"?><record xmlns="http://www.loc.gov/MARC21/slim" xmlns:cinclude="http://apache.org/cocoon/include/1.0" xmlns:zs="http://www.loc.gov/zing/srw/">
  <leader>00576nz  a2200133n  4500</leader>
  <controlfield tag="001">no2009008081</controlfield>
  <controlfield tag="003">DLC</controlfield>
  <controlfield tag="005">20090122082204.0</controlfield>
  <controlfield tag="008">090120n| acannaabn          |n ana     c</controlfield>
  <datafield tag="010" ind1=" " ind2=" ">
    <subfield code="a">no2009008081</subfield>
  </datafield>
  <datafield tag="035" ind1=" " ind2=" ">
    <subfield code="a">(OCoLC)oca07990558</subfield>
  </datafield>
  <datafield tag="040" ind1=" " ind2=" ">
    <subfield code="a">IeDuTC</subfield>
    <subfield code="b">eng</subfield>
    <subfield code="c">IeDuTC</subfield>
  </datafield>
  <datafield tag="110" ind1="2" ind2=" ">
    <subfield code="a">Food Safety Authority of Ireland.</subfield>
    <subfield code="b">Scientific Advisory Working Group on Nanotechnology</subfield>
  </datafield>
  <datafield tag="670" ind1=" " ind2=" ">
    <subfield code="a">Its The relevance for food safety of applications of nanotechnology in the food and feed industries, 2008 :</subfield>
    <subfield code="b">cover (Food Safety Authority of Ireland) p.7 (Scientific Advisory Working Group on Nanotechnology)</subfield>
  </datafield>
</record>